@string{IETF = "{Internet Engineering Task Force}"}

% Put actual RFCs at the top, Internet-Drafts at the bottom

@manual{rfc768,
  author = "J. ~B. ~Postel",
  title = "{User Datagram Protocol}",
  organization = IETF,
  note = {RFC 768},
  year = 1980,
  month = aug,
}

@manual{rfc791,
  author = {J. ~B. ~Postel},
  title = "{Internet Protocol}",
  note = {RFC 791},
  organization = IETF,
  year = 1981,
  address = {Information Sciences Institute, Marina del Rey, CA},
  month = sep
}

@manual{rfc792,
  author = "Postel, J.",
  title = "{Internet Control Message Protocol}",
  note = {RFC 792},
  organization = IETF,
  year = 1981,
  month = sep
}

@manual{rfc793,
  author = {J. ~B. ~Postel},
  title = "{Transmission Control Protocol}",
  note = {RFC 793},
  year = 1981,
  organization = IETF,
  month = sep
}

@manual{rfc821,
  author = {J. ~B. ~Postel},
  title = "{Simple Mail Transfer Protocol}",
  note = {RFC 821},
  organization = IETF,
  month = aug,
  year = 1982,
}

@manual{rfc822,
  author = {D. H. Crocker},
  title = "{Standard for the Format of ARPA Internet Text Messages}",
  note = {RFC 822},
  organization = IETF,
  month = aug,
  year = 1982,
}

@manual{rfc854,
  author = "J. ~B. ~Postel and Reynolds, J.",
  title = "{TELNET Protocol Specification}",
  organization = IETF,
  note = {RFC 854},
  month = may,
  year = 1983,
}

@manual{rfc908,
  author = "Velten, D. and Hinden, R. and Sax, J.",
  title = "{Reliable Data Protocol}",
  note = {RFC 908},
  organization = IETF,
  month = jul,
  year = 1984,
}

@manual{rfc959,
  author = "J. ~B. ~Postel and Reynolds, J.",
  title = "{File Transfer Protocol (FTP)}",
  note = {RFC 959},
  organization = IETF,
  month = oct,
  year = 1985,
}

@manual{rfc970,
  author = "Nagle, J.",
  title = "{On Packet Switches with Infinite Storage}",
  note = {RFC 970},
  organization = IETF,
  year = 1985,
  month = dec,
}

@manual{rfc976,
  author="Horton, Mark R.",
  title="UUCP Mail Interchange Format Standard",
  note={RFC976},
  organization = IETF,
  year = 1986,
  month = feb
}


@manual{rfc977,
  author = "Kantor, B. and Lapsley, P.",
  title = "{Network News Transfer Protocol (NNTP)}",
  note = {RFC-977},
  address = "{UC San Diego}",
  month = feb,
  year = 1986,
}

@manual{rfc1016,
  author = "W. Prue and J. Postel",
  title = "{Something a Host Could Do with Source Quench: The Source Quench Introduced Delay (SQuID)}",
  organization = IETF,
  note = {RFC 1016},
  month = jul,
  year = 1987,
}

@manual{rfc1034,
  author="Mockapetris, P. V.",
  title="Domain names - concepts and facilities",
  organization = IETF,
  note = {RFC 1034},
  month=nov,
  year=1987,
  abstract="This RFC is the revised basic definition of The Domain
            Name System. It obsoletes RFC-882. This memo describes the
            domain style names and their used for host address look up
            and electronic mail forwarding.  It discusses the clients
            and servers in the domain name system and the protocol used
            between them.",
  URL="ftp://ftp.isi.edu/in-notes/rfc1034.txt",
  entryby=Sc
}

@manual{rfc1035,
  author="Mockapetris, P. V.",
  title="Domain names - implementation and specification",
  organization = IETF,
  note = {RFC 1035},
  month=nov,
  year=1987,
  abstract="This RFC is the revised specification of the protocol and
            format used in the implementation of the Domain Name
            System. It obsoletes RFC-883. This memo documents the
            details of the domain name client - server communication.",
  URL="ftp://ftp.isi.edu/in-notes/rfc1035.txt",
  entryby=Sc
}

@manual{rfc1058,
  author = "Hedrick, C.",
  title = "{Routing Information Protocol}",
  organization = IETF,
  note = {RFC 1058},
  year = 1988,
  month = jun
}

@manual{rfc1070,
  author = {R. Hagens and N. Hall and M. Rose},
  title = {Use of the Internet as a Subnetwork for Experimentation with the OSI Network Layer},
  note = {RFC 1070},
  organization = IETF,
  year = 1989,
  month = feb,
}

@manual{rfc1072,
  author = {Jacobson, V. and Braden, R. T.},
  title = {TCP Extensions for Long Delay Paths},
  note = {RFC 1072},
  organization = IETF,
  year = 1988,
  month = oct,
}

@manual{rfc1102,
  author = {David Clark},
  title = {Policy Routing in Internet Protocols},
  note = {RFC 1102},
  organization = IETF,
  year = 1989,
  month = may
}

@manual{rfc1112,
  author = {Steve Deering},
  title = {Host Extensions for IP Multicasting},
  note = {RFC 1112},
  organization = IETF,
  year = 1989,
  address = {SRI International, Menlo Park, CA},
  month = aug,
}

@manual{rfc1122,
  key = "RFC 1122",
  author = "Braden, R. T.",
  title = "{Requirements for Internet Hosts---Communication Layers}",
  organization = IETF,
  note = {RFC 1122},
  month = oct,
  year = 1989,
}

@manual{rfc1142,
  key = "RFC 1142",
  author = "Oran, D.",
  title = "{OSI IS-IS intra-domain routing protocol}",
  organization = IETF,
  note = {RFC 1142},
  month = feb,
  year = 1990
}

@manual{rfc1144,
  author = {Jacobson, V.},
  title = "{Compressing TCP/IP Headers for Low-speed Serial Links}",
  organization = IETF,
  note = {RFC 1144},
  year = 1990,
  month = feb,
}

@manual{rfc1151,
  author = {Partridge, C. and Hinden, R.~M.},
  title = "{Version 2 of the Reliable Data Protocol (RDP)}",
  organization = IETF,
  note = {RFC 1151},
  year = 1990,
  month = apr,
}


@manual{rfc1191,
  author = {Mogul, J. and Deering, S.},
  title = "{Path MTU Discovery}",
  organization = IETF,
  note = {RFC 1191},
  year = 1990,
  month = nov,
}

@manual{rfc1323,
  author = "Jacobson, V. and Braden, R. and Borman, D.",
  title = "{TCP Extensions for High Performance}",
  note = {RFC 1323},
  organization = IETF,
  year = 1992,
  month = may,
}

@manual{rfc1478,
  author = "M. Steenstrup",
  title = "{An Architecture for Inter-Domain Policy Routing}",
  organization = IETF,
  note = {RFC 1478},
  year = 1993,
  month = jun
}

@manual{rfc1518,
  author="Rekhter, Y. and Li, T.",
  title="An Architecture for {IP} Address Allocation with {CIDR}",
  organization = IETF,
  note = {RFC 1518},
  month=sep,
  year=1993,
  abstract="This paper provides an architecture and a plan for
            allocating IP addresses in the Internet. This architecture
            and the plan are intended to play an important role in
            steering the Internet towards the Address Assignment and
            Aggregating Strategy outlined in RFC XXX. The IP address
            space is a scarce shared resource that must be managed for
            the good of the community. The managers of this resource
            are acting as its custodians. They have a responsibility to
            the community to manage it for the common good.",
  URL="ftp://ftp.isi.edu/in-notes/rfc1518.txt",
  entryby=Sc
}

@manual{rfc1519,
  author="Fuller, V. and Li, T. and Yu, J. and Varadhan, K.",
  title="Classless Inter-Domain Routing {(CIDR):} an Address Assignment
  and Aggregation Strategy",
  organization = IETF,
  note = {RFC 1519},
  month=sep,
  year=1993,
  abstract="This memo discusses strategies for address assignment of
            the existing IP address space with a view to conserve the
            address space and stem the explosive growth of routing
            tables in default-route-free routers.",
  URL="ftp://ftp.isi.edu/in-notes/rfc1519.txt",
  entryby=Sc
}

@manual{rfc1520,
  author="Rekhter, Y. and Topolcic, C.",
  title="Exchanging Routing Information Across Provider Boundaries in the
  {CIDR} Environment",
  organization = IETF,
  note = {RFC 1520},
  month=sep,
  year=1993,
  abstract={Classless Inter-Domain Routing (CIDR) has been adopted as
            a solution to the scaling problem in the Internet. The
            overall CIDR architecture is described in RFC XXX. The
            architecture for IP address assignment with CIDR is covered
            in RFC XXX and RFC XXX. The inter-domain routing protocols
            that are capable of supporting CIDR are covered in RFC
            XXX. The purpose of this document is twofold. First, it
            describes various alternatives for exchanging inter-domain
            routing information across domain boundaries, where one of
            the peering domain is CIDR-capable and another is
            not. Second, it addresses the implications of running
            CIDR-capable inter-domain routing protocols (e.g., BGP-4,
            IDRP) on intra-domain routing. This document is not
            intended to cover all the cases (either real or
            imaginable). Rather, it focuses on what are viewed to be
            the most common cases. We expect that individual service
            providers will use this document as guidelines in
            establishing their specific operational plans for the
            transition to CIDR. The concepts of "network service
            provider" and "network service subscriber" were introduced
            in RFC XXX. For the sake of brevity, we will use the term
            "provider" or "service provider" here to mean either
            "network service provider" or "network service subscriber",
            since for the most part, the distinction is not important
            to this discussion. Furthermore, we use the same terms to
            refer to the network and to the organization that operates
            the network. We feel that the context makes it amply clear
            whether we are talking about hardware or people, and
            defining different terms would only make this paper harder
            to read.},
  URL="ftp://ftp.isi.edu/in-notes/rfc1520.txt",
  entryby=Sc
}

@manual{rfc1521,
  author = "Borenstein, N. and Freed, N.",
  title = "{MIME (Multipurpose Internet Mail Extensions) Part
  One: Mechanisms for Specifying and Describing the Format of Internet
  Message Bodies}",
  organization = IETF,
  note = "{RFC 1521}",
  year = 1993,
  month = sep,
}
  
@manual{rfc1546,
  author = "Partridge, C. and Mendez, T. and Milliken, W.",
  title = {Host Anycasting Service},
  note = {RFC 1546},
  organization = IETF,
  year = 1993,
  month = nov
}

@manual{rfc1548,
  author = "Simpson, W.",
  title = "{The Point-to-Point Protocol (PPP)}",
  note = {RFC 1548},
  organization = IETF,
  month = dec,
  year = 1993,
}

@manual{rfc1583,
  author = "Moy, J.",
  title = {OSPF Version 2},
  note = "{RFC 1583}",
  month = mar,
  year = 1994,
}

@manual{rfc1771,
  author= "Y. Rekhter and T. Li",
  title="{A Border Gateway Protocol 4 (BGP-4)}",
  note = {RFC 1771},
  organization = IETF,
  year=1995,
  month=mar,
}

@manual{rfc1794,
  author = "T. Brisco",
  title = "{DNS Support for Load Balancing}",
  note = {RFC 1794},
  organization = IETF,
  year=1995,
  month=apr,
} 

@manual{rfc1809,
  title="Using the Flow Label Field in IPv6",
  author="C. Partridge",
  month=jun,
  note = {RFC 1809},
  year=1995,
  organization = IETF,
}

@manual{rfc1812,
  author = "F. Baker",
  title = "Requirements for {IP} {V}ersion 4 Routers",
  note= "{RFC~1812}",
  organization = IETF,
  URL = "\URL{http://www.ietf.org/rfc/rfc1812.txt}",
  month = jun,
  year = 1995
}

@misc{rfc1863,
      author = "D. Haskin",
      title = "{A {BGP}/IDRP Route Server alternative to a full mesh routing}",
      howpublished = "RFC 1863",
      month = OCT,
      year = 1995
}


@manual{rfc1866,
  author = {Berners-Lee, T.},
  title = {Hypertext Markup Language - 2.0},
  note = {RFC 1866},
  organization = {MIT Laboratory for Computer Science},
  year = 1995,
  month = nov
}

@manual{rfc1884,
  author = "Hinden, R. and Deering, S.",
  title = {IP Version 6 Addressing Architecture},
  note = {RFC 1884},
  organization = IETF,
  year = 1995,
  month = dec
}

@manual{rfc1889,
  author = "Schulzrinne, H. and Casner, S. and Frederick, R. and Jacobson, V.",
  title = {RTP: A Transport Protocol for Real-Time Applications},
  organization = IETF,
  note = {RFC 1889},
  year = 1996,
  month = jan
}

@manual{rfc1945,
  author = "Berners-Lee, T. and Fielding, R. and Frystyk, H.",
  title = "{Hypertext Transfer Protocol--HTTP/1.0}",
  organization = IETF,
  note = {RFC 1945},
  year = 1996,
  month = may,
}

@manual{rfc1948,
  author = "S. Bellovin.",
  title = "{Defending Against Sequence Number Attacks}",
  organization = IETF,
  note = {RFC 1948},
  year = 1996,
  month = may,
}

@manual{rfc1992,
  title =	 {The Nimrod Routing Architecture},
  author =	 {I. Canstineyra and N. Chiappa and M. Steenstrup},
  organization = IETF,
  month =	 aug,
  year =	 1996,
  note = {RFC 1992},
}

@manual{rfc1997,
  title =	 {{BGP} Communities Attribute},
  author =	 {R. Chandra and P. Traina },
  organization = IETF,
  month =	 aug,
  year =	 1996,
  note = {RFC 1997},
}



@misc{rfc1998,
	author = "E. Chen and T. Bates",
	title = "An Application of the {BGP} Community Attribute in Multi-home
                 Routing",
	howpublished = "RFC 1998",
	month = AUG,
	year = 1996
}


@manual{rfc2001,
  author = "Stevens, W. R.",
  title = "{TCP Slow Start, Congestion Avoidance, Fast Retransmit, and Fast Recovery Algorithms}",
  organization = IETF,
  note = {RFC 2001},
  year = 1997,
  month = jan
}

@manual{rfc2002,
  author = "Perkins, C.",
  title = {IP Mobility Support},
  organization = IETF,
  note = {RFC 2002},
  year = 1996,
  month = oct
}

@manual{rfc2018,
  author = "Mathis, M. and Mahdavi, J. and Floyd, S. and Romanow, A.",
  title = "{TCP Selective Acknowledgment Options}",
  organization = IETF,
  note = "{RFC 2018}",
  year = 1996,
}

@manual{rfc2068,
  author = "Fielding, R. and Gettys, J. and Mogul, J. and Frystyk, H. and Berners-Lee, T.",
  title = "{Hypertext Transfer Protocol---HTTP/1.1}",
  note = {RFC 2068},
  organization = IETF,
  year = 1997,
  month = jan
}

@manual{rfc2104,
  author = "Crawczyk, H. and Bellare, M. and Canetti, R.",
  title = {HMAC: Keyed-Hashing for Message Authentication},
  note = {RFC 2104},
  organization = IETF,
  year = 1997,
  month = feb
}

@manual{rfc2131,
  author = "R. Droms",
  title = "Dynamic Host Configuration Protocol",
  note = "{RFC~2131}",
  organization = IETF,
  URL = "\URL{http://www.ietf.org/rfc/rfc2131.txt}",
  year = 1997,
  month = mar
}

@manual{rfc2140,
  author = "Touch, J.",
  title = {TCP Control Block Interdependence},
  note = {RFC 2140},
  organization = IETF,
  year = 1997,
  month = apr
}

@manual{rfc2182,
  author = "R. Elz and R. Bush and S. Bradner and M. Patton",
  title = {Selection and Operation of Secondary DNS Servers},
  note = {RFC 2182 / BCP 16},
  organization = IETF,
  year = 1997,
  month = jul
}

@manual{rfc2186,
  author = "D. Wessels and K. Claffy",
  title = {Internet Cache Protocol (ICP), version 2},
  note = {RFC 2186},
  organization = IETF,
  year = 1997,
  month = sep
}

@manual{rfc2187,
  author = "D. Wessels and K. Claffy",
  title = {Application of Internet Cache Protocol (ICP), version 2},
  note = {RFC 2187},
  organization = IETF,
  year = 1997,
  month = sep
}

@manual{rfc2250,
  author = "D. Hoffman and G. Fernando and V. Goyal",
  title = {RTP Payload Format for MPEG1/MPEG2 Video},
  note = {RFC 2250},
  organization = IETF,
  year = 1998,
  month = jan
}
% Obsoleted by RFC 2827
@manual{rfc2267,
  author = "Paul Ferguson and Daniel Senie",
  title = "Network Ingress Filtering: Defeating Denial of Service 
           Attacks which employ {IP} Source Address Spoofing",
  note = {RFC 2267},
  organization = IETF,
  month = jan,
  year = 1998
}


@manual{rfc2295,
  author = "Holtman, K.",
  title = {Transparent Content Negotiation in HTTP},
  note = {RFC 2295},
  organization = IETF,
  year = 1998,
  month = mar
}

@manual{rfc2309,
  author = "Braden, B. and Clark, D. and Crowcroft, J. and Davie, B. and 
Deering, S. and Estrin, D. and Floyd, S. and Jacobson, V. and Minshall, G. and Partridge, C. and Peterson, L. and Ramakrishnan, K. and Shenker, S. and Wroclawski, J. and Zhang, L.",
  title = "{Recommendations on Queue Management and Congestion Avoidance in the Internet}",
  note = {RFC 2309},
  organization = IETF,
  year = 1998,
  month = apr,
}

@manual{rfc2326,
  author = "Schulzrinne, H. and Rao, A. and Lanphier, R.",
  title = {Real Time Streaming Protocol (RTSP)},
  note = {RFC 2326},
  organization = IETF,
  year = 1998,
  month = apr
}

@manual{rfc2327,
  author = "Handley, M. and Jacobson, V.",
  title = {Session Description Protocol},
  note = {RFC 2327},
  organization = IETF,
  year = 1998,
  month = apr
}

@manual{rfc2330,
  author="V. Paxson and G. Almes and J. Mahdavi and M. Mathis",
  title="Framework for IP Performance Metrics",
  note = {RFC 2330},
  organization = IETF,
  year=1998,
  month=may
}

@manual{rfc2343,
  author="M. Civanlar and G. Cash and B. Haskell",
  title="RTP Payload Format for Bundled MPEG ",
  note = {RFC 2343},
  organization = IETF,
  year=1998,
  month=may
}

@manual{rfc2385,
  title =	 {Protection of BGP Sessions via the TCP MD5 Signature Option},
  author =	 {A. Heffernan},
  organization = IETF,
  month =	 aug,
  year =	 1998,
  note =	 {RFC 2385},
}

@manual{rfc2406,
  author = "S. Kent and R. Atkinson",
  title = "{IP} Encapsulating Security Payload ({ESP})",
  note = "{RFC~2406}",
  organization = IETF,
  URL = "\URL{http://www.ietf.org/rfc/rfc2406.txt}",
  year = 1998,
}

@manual{rfc2411,
  author="R. Thayer and N. Doraswamy and R. Glenn",
  title="IP Security Document Roadmap",
  note={RFC 2411},
  organization = IETF,
  year=1998,
  month=nov
}

@manual{rfc2439,
  author="C. Villamizar and R. Chandra and R. Govindan",
  title="{BGP} Route Flap Damping",
  note={RFC 2439},
  organization = IETF,
  year=1998,
  month=nov
}

@manual{rfc2453,
  author = "Malkin, G.",
  title = "{RIP Version 2}",
  note = {RFC 2453},
  organization = IETF,
  year = 1998,
  month = nov,
}

@manual{rfc2474,
  author = "K. Nichols and S. Blake and F. Baker and D. Black",
  title = "{D}efinition of the {Differentiated} {Services} Field ({DS} Field) in the {IPv4} and {IPv6} Headers",
  note = "{RFC~2474}",
  organization = IETF,
  URL = "\URL{http://www.ietf.org/rfc/rfc2474.txt}",
  year = 1998,
  month = dec,
}

@manual{rfc2475,
  author = "Blake, S. and Black, D. and Carlson, M. and Davies, E. and Wang, Z. and Weiss, W.",
  title = "{An Architecture for Differentiated Services}",
  note = {RFC 2475},
  organization = IETF,
  year = 1998,
  month = dec,
}

@manual{rfc2481,
  author = "Ramakrishnan, K. and Floyd, S.",
  title = "{A Proposal to Add Explicit Congestion Notification (ECN) to IP}",
  note = {RFC 2481},
  organization = IETF,
  year = 1999,
  month = jan,
}

@manual{rfc2507,
  author = "M. Degermark and B. Nordgren and S. Pink",
  title = "{IP} header compression",
  organization = IETF,
  note = "{RFC~2507}",
  URL = "\URL{http://www.ietf.org/rfc/rfc2507.txt}",
  year = 1999,
  month = feb
}

@manual{rfc2547,
  author = "E. Rosen and Y. Rekhter",
  title = "{BGP/MPLS VPNs}",
  organization = IETF,
  note = "{RFC~2547}",
  URL = "\URL{http://www.ietf.org/rfc/rfc2547.txt}",
  year = 1999,
  month = mar
}


@manual{rfc2581,
  author = "Allman, M. and Paxson, V.",
  title = "{TCP Congestion Control}",
  note = {RFC 2581},
  organization = IETF,
  year = 1999,
  month = apr,
}

@manual{rfc2597,
  author = "J. Heinanen and F. Baker and W. Weiss and J. Wroclawski",
  title = "{A}ssured Forwarding {PHB} Group",
  note = "{RFC~2597}",
  organization = IETF,
  URL = "\URL{http://www.ietf.org/rfc/rfc2597.txt}",
  year = 1999,
  month = jun,
}

@manual{rfc2582,
  author = "Floyd, S. and Henderson, T.",
  title = "{The NewReno Modification to TCP's Fast Recovery Algorithm}",
  note = {RFC 2582},
  organization = IETF,
  year = 1999,
  month = apr,
}

@manual{rfc2608,
  author="Guttman, E. and Perkins, C. and Veizades, J. and Day, M.",
  title="Service Location Protocol, Version 2",
  organization = ietf,
  note = {RFC 2608},
  month=jun,
  year=1999,
  abstract="The Service Location Protocol provides a scalable
	    framework for the discovery and selection of network
	    services. Using this protocol, computers using the Internet
	    need little or no static configuration of network services
	    for network based applications. This is especially
	    important as computers become more portable, and users less
	    tolerant or able to fulfill the demands of network system
	    administration.",
  URL="ftp://ftp.isi.edu/in-notes/rfc2608.txt",
  entryby=Sc
}

@manual{rfc2622,
  title =	 {Routing Policy Specification Language (RPSL)},
  author =	 {Alaettinoglu, C. and others},
  month =	 jun,
  year =	 1999,
  note =	 {RFC 2622},
  organization = IETF,
}

@manual{rfc2660,
  title = {The Secure HyperText Transfer Protocol},
  athor = {Rescorla, E. and Schiffman, A.},
  month = aug,
  year = 1999,
  note =	 {RFC 2660},
  organization = IETF
}

@manual{rfc2663,
  title = {IP Network Address Translator (NAT) Terminology and Considerations},
  athor = {Srisuresh, P. and Holdrege, M.},
  month = aug,
  year = 1999,
  note =	 {RFC 2663},
  organization = IETF
}

@manual{rfc2692,
  title =	 {SPKI Requirements},
  author =	 {Ellison, C.},
  month =	 sep,
  year =	 1999,
  note =	 {RFC 2692},
  organization = IETF,
}

@manual{rfc2693,
  title =	 {SPKI Certificate Theory},
  author =	 {Ellison, C. and Frantz, B. and Lampson, B. and Rivest, R. and Thomas, B. and Ylonen, T.},
  month =	 sep,
  year =	 1999,
  note =	 {RFC 2693},
  organization = IETF,
}

@manual{rfc2756,
  title =	 {Hyper Text Caching Protocol (HTCP/0.0)},
  author =	 {Paul Vixie and Duane Wessels},
  month =	 jan,
  year =	 2000,
  note =	 {RFC 2756},
  organization = IETF,
}


@manual{rfc2782,
  title =	 {A DNS RR for specifying the location of services (DNS SRV)},
  author =	 {A. Gulbrandsen and P. Vixie and L. Esibov},
  month =	 feb,
  year =	 2000,
  note =	 {RFC 2782},
  organization = IETF,
}

@manual{rfc2784,
  title =	 {Generic Routing Encapsulation (GRE)},
  author =	 {D. Farinacci and T. Li and S. Hanks and D. Meyer and P. Traina},
  month =	 mar,
  year =	 2000,
  note =	 {RFC 2784},
  organization = IETF,
}

@manual{rfc2796,
  title =	 {{BGP} Route Reflection - An Alternative to Full Mesh {IBGP}},
  author =	 {T. Bates and R. Chandra and E. Chen},
  month =	 apr,
  year =	 2000,
  note =	 {RFC 2796},
  organization = IETF,
}



@manual{rfc2827,
  author = "Paul Ferguson and Daniel Senie",
  title = "Network Ingress Filtering",
  year = 2000,
  month = may,
  note = {Best Current Practice 38,  RFC 2827},
  organization = IETF
}

@manual{rfc2883,
  author = "Floyd S., Mahdavi J., Mathis M. and Podolsky M.",
  title = "{An Extension to the Selective Acknowledgement (SACK) Option for TCP}",
  note = {RFC 2883},
  organization = IETF,
  year = 2000,
  month = jul,
}

@manual{rfc2988,
  author = "Vern Paxson and Mark Allman",
  title = "{Computing TCP's Retransmission Timer}",
  note = {RFC 2988},
  organization = IETF,
  year = 2000,
  month = nov
}


@manual{rfc3016,
  author = "Kikuchi, Y. and Nomura, T. and Fukunaga, S. and Matsui, Y. and Kimata, H.",
  title = "{RTP Payload Format for MPEG-4 Audio/Visual Streams}",
  note = {RFC 3016},
  organization = IETF,
  year = 2000,
  month = nov,
}

@manual{rfc3027,
  author = "Holdrege, M. and Srisuresh, P.",
  title = "{Protocol Complications with the IP Network Address Translator}",
  note = {RFC 3027},
  organization = IETF,
  year = 2001,
  month = jan
}

@manual{rfc3042,
  author="Allman, M. and Balakrishnan, H. and Floyd, S.",
  title="{Enhancing TCP's Loss Recovery Using Limited Transmit}",
  note = "{RFC 3042}", 
  organization=IETF,
  month=jan,
  year=2001,
}

@manual{rfc3065,
  author="P. Traina and D. McPherson and J. Scudder",
  title="{Autonomous System Confederations for BGP}",
  note = "{RFC 3065}", 
  organization=IETF,
  month=feb,
  year=2001,
}


@manual{rfc3124,
  author="Balakrishnan, H. and Seshan, S.",
  title="{The Congestion Manager}",
  note = "{RFC 3124}", 
  organization=IETF,
  month=jun,
  year=2001,
}

@manual{rfc3208,
  author = "T. Speakman et al",
  title = "{PGM} Reliable Transport Protocol Specification",
  note = "{RFC~3208}",
  organization = IETF,
  URL = "\URL{http://www.ietf.org/rfc/rfc3208.txt}",
  year = 2001,
  month = dec
}

@manual{rfc3221,
  author="Geoff Huston",
  title="Commentary on Inter-Domain Routing in the Internet",
  note = "{RFC 3221}",
  organization=IETF,
  month=dec,
  year=2001,
}

@manual{rfc3345,
  title =	 {{B}order {G}ateway {P}rotocol ({BGP}) Persistent Route Oscillation Condition},
  author =	 { D. McPherson and V. Gill and D. Walton and A. Retana},
  organization = IETF,
  month =	 aug,
  year =	 2002,
  note =	 {RFC 3345},
}

@manual{rfc3272,
  author="Daniel O. Awduche and Angela Chiu and Anwar Elwalid and Indra Widjaja and XiPeng Xiao",
  title="Overview and Principles of Interent Traffic Engineering",
  note = "{RFC 3272}", 
  organization=IETF,
  month=may,
  year=2002,
}

@manual{rfc3330,
  author="IANA",
  title="{Special Use IPv4 Addresses}",
  note = "{RFC 3330}", 
  organization=IETF,
  month=sep,
  year=2002,
}

@misc{rfc3693,
 author = "Cuellar, J. and Morris, J. and Mulligan, D. and Peterson, J. and Polk, J.",
 title = "Geopriv Requirements",
 year = 2004
 }

@misc{rfc3746,
	author = "L. Yang and others",
	title = "{Forwarding and Control Element Separation (ForCES) Framework}",
	howpublished = "RFC 3746",
	month = APR,
	year = 2004
}


@misc{rfc4033,
	author = "R. Arends and others",
	title = "{DNS Security Introduction and Requirements}",
	howpublished = "RFC 4033",
	month = MAR,
	year = 2005
}

@manual{rfc4271,
  author= "Y. Rekhter and T. Li and S. Hares",
  title="{A Border Gateway Protocol 4 (BGP-4)}",
  note = {RFC 4271},
  organization = IETF,
  year=2006,
  month=jan,
}


@manual{id-bgp4,
  title =	 {A Border Gateway Protocol 4 (BGP-4)},
  author =	 {Rekhter, Y. and Li, T. and Hares, S.},
  organization = IETF,
  month =	 oct,
  year =	 2004,
  note =	 {\url{http://www.ietf.org/internet-drafts/draft-ietf-idr-bgp4-26.txt}  Work in progress, expired April 2005.},
}


@manual{id-ipv6,
  author="Hinden, B. and Deering, S.",
  title="Internet Protocol, Version 6 (IPv6) Specification",
  note = "{Internet Draft draft-ietf-ipngwg-ipv6-spec-v2; work in progress}",
  organization=IETF,
  month=aug,
  year=1998,
}

@manual{id-2bit,
  author="Nichols, K. and Jacobson, V. and Zhang, L.",
  title="{A Two-bit Differentiated Services Architecture for the Internet}",
  note = "{Internet Draft draft-nichols-diff-svc-arch-02.txt; work in progress}",
  organization=IETF,
  month=apr,
  year=1999,
}

@manual{id-cerf-dtn,
  author = "V. Cerf and S. Burleigh and A. Hooke and L. Torgerson and R. Durst and K. Scott and K. Fall and H. Weiss",
  title = "Delay-Tolerant Network Architecture",
  note = "{Intrenet Draft draft-irtf-dtnrg-arch-02.txt;  work in progress}",
  organization = IETF,
  month = jul,
  year = 2004
}

@manual{id-cm,
  author="Balakrishnan, H. and Seshan, S.",
  title="{The Congestion Manager}",
  note = "{Internet Draft draft-balakrishnan-cm-03.txt (\url{http://www.ietf.org/internet-drafts/draft-balakrishnan-cm-03.txt}).  Work in progress, expires May 2001}", 
  organization=IETF,
  month=nov,
  year=2000
}

@manual{id-floyd-cm,
  author = "Floyd, S.",
  title = "{Congestion Control Principles}",
  note = "{Internet Draft draft-floyd-cm-01.txt (\url{http://www.ietf.org/internet-drafts/draft-floyd-cong-01.txt}).  Work in progress, expires June 2000}",
  organization=IETF,
  month=jan,
  year = 2000,
}

@manual{id-goland-ssdp,
  title =	 {Simple Service Discovery Protocol/1.0,
		  Internet Draft, draft-cai-ssdp-v1-03.txt, Work in
		  Progress},
  author =	 {Goland et.al., Y. Y.},
  month =	 oct,
  year =	 1999,
}

@manual{id-igp-convergence,
  title = "Towards Millisecond {IGP} Convergence",
  author = "Cengiz Alaettinoglu and Van Jacobson and Haobo Yu",
  month = nov,
  year = 2000,
  organization = IETF,
  note = "{Internet-Draft draft-alattinoglu-isis-convergence-00 \url{http://www.packetdesign.com/news/industry-publications/drafts/convergence.pdf}.  Work in progress, expires May 2001}"
}

@manual{id-li-ulp,
  title =	 {An RTP Payload Format for Generic FEC with Uneven Level Protection},
  author =	 {A. Li and F. Liu and J. Villasenor and J. Park and D. Park and Y. Lee},
  organization = IETF,
  OPTedition =	 {},
  month =	 oct,
  year =	 2001,
  note =	 {\url{http://www.ietf.org/internet-drafts/draft-ietf-avt-ulp-02.txt}  Work in progress, expires April 2002},
}

@manual{id-netconf,
  title =	 {NETCONF Configuration Protocol},
  author =	 {R. Enns},
  organization = IETF,
  OPTedition =	 {},
  month =	 jun,
  year =	 2005,
  note =	 {\url{http://www.ietf.org/internet-drafts/draft-ietf-netconf-prot-07.txt}  Work in progress, expires December 2005},
}



@manual{id-routing-reqs,
  title =	 {Requirements For a Next Generation Routing and Addressing Architecture},
  author =	 {Kastenholtz, F. and others},
  organization = IETF,
  month =	 apr,
  year =	 2002,
  note =	 {\url{http://www.ietf.org/internet-drafts/draft-irtf-routing-reqs-groupa-00.txt}, expires October 2002},
}

@manual{id-routing-threats,
  title =	 {Generic Threats to Routing Protocols},
  author =	 {Murphy, S. and Barbir, A. and Yang, Y.},
  organization = IETF,
  month =	 oct,
  year =	 2004,
  note = {\url{http://www.ietf.org/internet-drafts/draft-ietf-rpsec-routing-threats-07.txt}, expired April 2005},
}

@manual{id-troll-autoip,
  title =	 {Automatically Choosing an IP Address in an Ad-Hoc
		  IPv4 Network, Internet-Draft, Work in Progress.},
  author =	 {R. Troll},
  month =	 oct,
  year =	 1999,
}

@manual{id-lee-odmrp,
  title =	 {On-Demand Multicast Routing Protocol (ODMRP) for 
		Ad Hoc Networks, Internet-Draft, Work in Progress.},
  author =	 {S. Lee and W. Su and M. Gerla},
  month =	 jan,
  year =	 2000,
}

@manual{id-housley-crl,
  title =	 {Internet X.509 Public Key Infrastructure, Certificate and CRL Profile, Internet Draft, PKIX Working Group. Work in Progress, expires May 2001.},
  author =	 {Housley, R. and Ford, W. and Polk, W. and Solo, D.},
  organization = IETF,
  month =	 nov,
  year =	 2000,
  note =	 {\url{http://www.ietf.org/internet-drafts/draft-ietf-pkix-new-part1-03.txt}},
}

@manual{id-miyazaki-rtpselret,
  title =	 {RTP Payload Format to Enable Multiple Selective Retransmissions.},
  author =	 {Miyazaki, A. and others},
  organization = IETF,
  month =	 nov,
  year =	 2001,
  note =	 {\url{http://www.ietf.org/internet-drafts/draft-ietf-avt-rtp-selret-03.txt}  Work in Progress, expires May 2002.},
}

@manual{id-ott-feedback,
  title =	 { Extended RTP Profile for RTCP-based Feedback (RTP/AVPF).},
  author =	 {J. Ott and others},
  organization = IETF,
  month =	 nov,
  year =	 2001,
  note =	 {\url{http://www.ietf.org/internet-drafts/draft-ietf-avt-rtcp-feedback-01.txt}	 Work in Progress, expires May 2002.},
}

@manual{id-walton-add-paths,
  title =	 { Advertisement of Multiple Paths in BGP},
  author =	 {D. Walton and others},
  organization = IETF,
  month =	 nov,
  year =	 2002,
  note =	 {\url{http://www.ietf.org/internet-drafts/draft-walton-bgp-add-paths-01.txt}},
}

@manual{id-yano-rtprx,
  title =	 {RTP Profile for RTCP-based Retransmission Request for Unicast session},
  author =	 {Yano, K. and Podolsky, M. and McCanne, S.},
  organization = IETF,
  month =	 jul,
  year =	 2000,
  note =	 {\url{http://www.ietf.org/internet-drafts/draft-ietf-avt-rtprx-00.txt}},
}

@Manual{id-path-validation,
  title = 	 "{Considerations in Validating the Path in Routing Protocols}",
  author = 	 {Russ White and B. Akyol and Nick Feamster},
  organization = {IETF},
  month = 	 jun,
  year = 	 2005,
}
%%  note = 	 {\url{http://www.ietf.org/internet-drafts/draft-white-pathconsiderations-05.txt} Work in progress, expires December 2005.},

%% 
@manual{id-sobgp,
  title="{Architecture and Deployment Considerations for Secure Origin BGP (soBGP)}",
  author = {Russ White},
  note = "{\url{http://www.ietf.org/internet-drafts/draft-white-sobgp-architecture-01.txt}.  Work in progress, expires November 2005.}",
  organization={ IETF} ,
  month=MAY,
  year=2005,
}


@manual{id-versatile-rr,
  title =	 {The Case for More Versatile {BGP} Route Reflectors},
  author =	 {O. Bonaventure and S. Uhlig and B. Quoitin},
  organization = IETF,
  month =	 jul,
  year =	 2004,
  note =	 {\url{http://totem.info.ucl.ac.be/publications/draft-bonaventure-bgp-route-reflectors-00.html}  Work in progress, expired November 2004.},
}

@manual{id-hip,
   title =  {Host Identity Protocol Architecture},
   author = {Moskowitz, R. and Nikander, P.},
   organization = {IETF},
   year = 2005,
   note = "\url{http://hip.piuha.net/drafts/draft-ietf-hip-arch-03.txt}",
   }


@misc{forces-wg,
	key = {forces},
	title = "{Forwarding and Control Element Separation (ForCES) Charter}",
	howpublished = "{\url{http://www.ietf.org/html.charters/forces-charter.html}}"
}

@misc{netconf-wg,
	key = {netconf},
	title = " {Network Configuration (netconf)}",
	howpublished = "{\url{http://www.ietf.org/html.charters/netconf-charter.html}}"
}


@misc{rpsec-wg,
	key = {rpsec},
	title = "{Routing Protocol Security (RPSEC) Charter}",
	howpublished = "{\url{http://www.ietf.org/html.charters/rpsec-charter.html}}"
}


@misc{mpls-wg,
	key = {mpls},
	title = "{Multiprotocol Label Switching (MPLS)}",
	howpublished = "{\url{http://www.ietf.org/html.charters/mpls-charter.html}}"
}

